@article{claessen2011quickcheck,
  title={QuickCheck: a lightweight tool for random testing of Haskell programs},
  author={Claessen, Koen and Hughes, John},
  journal={Acm sigplan notices},
  volume={46},
  number={4},
  pages={53--64},
  year={2011},
  publisher={ACM}
}

@inproceedings{runciman2008smallcheck,
  title={Smallcheck and lazy smallcheck: automatic exhaustive testing for small values},
  author={Runciman, Colin and Naylor, Matthew and Lindblad, Fredrik},
  booktitle={Acm sigplan notices},
  volume={44},
  number={2},
  pages={37--48},
  year={2008},
  organization={ACM}
}

@inproceedings{denes2014quickchick,
  title={QuickChick: Property-based testing for Coq},
  author={D{\'e}n{\`e}s, Maxime and Hritcu, Catalin and Lampropoulos, Leonidas and Paraskevopoulou, Zoe and Pierce, Benjamin C},
  booktitle={The Coq Workshop},
  year={2014}
}

@article{lampropoulos2017generating,
  title={Generating good generators for inductive relations},
  author={Lampropoulos, Leonidas and Paraskevopoulou, Zoe and Pierce, Benjamin C},
  journal={Proceedings of the ACM on Programming Languages},
  volume={2},
  number={POPL},
  pages={45},
  year={2017},
  publisher={ACM}
}

@article{duregaard2013feat,
  title={Feat: functional enumeration of algebraic types},
  author={Dureg{\aa}rd, Jonas and Jansson, Patrik and Wang, Meng},
  journal={ACM SIGPLAN Notices},
  volume={47},
  number={12},
  pages={61--72},
  year={2013},
  publisher={ACM}
}

@inproceedings{claessen2010quickspec,
  title={QuickSpec: Guessing formal specifications using testing},
  author={Claessen, Koen and Smallbone, Nicholas and Hughes, John},
  booktitle={International Conference on Tests and Proofs},
  pages={6--21},
  year={2010},
  organization={Springer}
}

@inproceedings{yorgey2010species,
  title={Species and functors and types, oh my!},
  author={Yorgey, Brent A},
  booktitle={ACM Sigplan Notices},
  volume={45},
  number={11},
  pages={147--158},
  year={2010},
  organization={ACM}
}

@inproceedings{loh2011generic,
  title={Generic programming with indexed functors},
  author={L{\"o}h, Andres and Magalhaes, Jos{\'e} Pedro},
  booktitle={Proceedings of the seventh ACM SIGPLAN workshop on Generic programming},
  pages={1--12},
  year={2011},
  organization={ACM}
}

@incollection{altenkirch2003generic,
  title={Generic programming within dependently typed programming},
  author={Altenkirch, Thorsten and McBride, Conor},
  booktitle={Generic Programming},
  pages={1--20},
  year={2003},
  publisher={Springer}
}

@inproceedings{yakushev2009generic,
  title={Generic programming with fixed points for mutually recursive datatypes},
  author={Yakushev, Alexey Rodriguez and Holdermans, Stefan and L{\"o}h, Andres and Jeuring, Johan},
  booktitle={ACM Sigplan Notices},
  volume={44},
  number={9},
  pages={233--244},
  year={2009},
  organization={ACM}
}

@article{claessen2015generating,
  title={Generating constrained random data with uniform distribution},
  author={Claessen, Koen and Dureg{\aa}rd, Jonas and Pa{\l}ka, Micha{\l} H},
  journal={Journal of functional programming},
  volume={25},
  year={2015},
  publisher={Cambridge University Press}
}

@techreport{zahnentferner2018chimeric,
  title={Chimeric ledgers: Translating and unifying utxo-based and account-based cryptocurrencies},
  author={Zahnentferner, Joachim and HK, Input Output},
  year={2018},
  institution={Cryptology ePrint Archive, Report 2018/262, 2018. https://epri nt. iacr. org~…}
}

@inproceedings{norell2008dependently,
  title={Dependently typed programming in Agda},
  author={Norell, Ulf},
  booktitle={International School on Advanced Functional Programming},
  pages={230--266},
  year={2008},
  organization={Springer}
}

@article{dagand2017essence,
  title={The essence of ornaments},
  author={Dagand, Pierre-{\'E}variste},
  journal={Journal of Functional Programming},
  volume={27},
  year={2017},
  publisher={Cambridge University Press}
}

@article{wadler2015propositions,
  title={Propositions as types},
  author={Wadler, Philip},
  journal={Communications of the ACM},
  volume={58},
  number={12},
  pages={75--84},
  year={2015},
  publisher={ACM}
}

@article{abel2010miniagda,
  title={MiniAgda: Integrating sized and dependent types},
  author={Abel, Andreas},
  journal={arXiv preprint arXiv:1012.4896},
  year={2010}
}

@phdthesis{matela2017tools,
  title={Tools for Discovery, Refinement and Generalization of Functional Properties by Enumerative Testing},
  author={Matela Braquehais, Rudy},
  year={2017},
  school={University of York}
}

@inproceedings{andoni2003evaluating,
  title={Evaluating the “small scope hypothesis”},
  author={Andoni, Alexandr and Daniliuc, Dumitru and Khurshid, Sarfraz and Marinov, Darko},
  booktitle={In Popl},
  volume={2},
  year={2003},
  organization={Citeseer}
}

@inproceedings{paraskevopoulou2015foundational,
  title={Foundational property-based testing},
  author={Paraskevopoulou, Zoe and Hri{\c{t}}cu, C{\u{a}}t{\u{a}}lin and D{\'e}n{\`e}s, Maxime and Lampropoulos, Leonidas and Pierce, Benjamin C},
  booktitle={International Conference on Interactive Theorem Proving},
  pages={325--343},
  year={2015},
  organization={Springer}
}

@inproceedings{palka2011testing,
  title={Testing an optimising compiler by generating random lambda terms},
  author={Pa{\l}ka, Micha{\l} H and Claessen, Koen and Russo, Alejandro and Hughes, John},
  booktitle={Proceedings of the 6th International Workshop on Automation of Software Test},
  pages={91--97},
  year={2011},
  organization={ACM}
}

@article{grygiel2013counting,
  title={Counting and generating lambda terms},
  author={Grygiel, Katarzyna and Lescanne, Pierre},
  journal={Journal of Functional Programming},
  volume={23},
  number={5},
  pages={594--628},
  year={2013},
  publisher={Cambridge University Press}
}

@article{brady2013idris,
  title={Idris, a general-purpose dependently typed programming language: Design and implementation},
  author={Brady, Edwin},
  journal={Journal of Functional Programming},
  volume={23},
  number={5},
  pages={552--593},
  year={2013},
  publisher={Cambridge University Press}
}

@article{wang2005generating,
  title={Generating random lambda calculus terms},
  author={Wang, Jue},
  journal={Unpublished manuscript},
  year={2005},
  publisher={Citeseer}
}

@article{moczurad2000statistical,
  title={Statistical properties of simple types},
  author={Moczurad, Malgorzata and Tyszkiewicz, Jerzy and Zaionc, Marek},
  journal={Mathematical Structures in Computer Science},
  volume={10},
  number={5},
  pages={575--594},
  year={2000},
  publisher={Cambridge University Press}
}

@misc{hedgehog,
  author = {Jacob Stanley},
  title = {hedgehog: Hedgehog will eat all your bugs.},
  howpublished = "https://hackage.haskell.org/package/hedgehog",
  year = {2019}, 
  note = "[Online; accessed 26-Feb-2019]"
}

@inproceedings{de2014true,
  title={True sums of products},
  author={de Vries, Edsko and L{\"o}h, Andres},
  booktitle={Proceedings of the 10th ACM SIGPLAN workshop on Generic programming},
  pages={83--94},
  year={2014},
  organization={ACM}
}

@inproceedings{miraldo2018sums,
  title={Sums of products for mutually recursive datatypes: the appropriationist’s view on generic programming},
  author={Miraldo, Victor Cacciari and Serrano, Alejandro},
  booktitle={Proceedings of the 3rd ACM SIGPLAN International Workshop on Type-Driven Development},
  pages={65--77},
  year={2018},
  organization={ACM}
}

@inproceedings{magalhaes2011generic,
  title={Generic programming for indexed datatypes},
  author={Magalh{\~a}es, Jos{\'e} Pedro and Jeuring, Johan},
  booktitle={Proceedings of the seventh ACM SIGPLAN workshop on Generic programming},
  pages={37--46},
  year={2011},
  organization={ACM}
}

@article{hinze2003fun,
  title={Fun with phantom types},
  author={Hinze, Ralf and others},
  journal={The fun of programming},
  pages={245--262},
  year={2003}
}

@book{brown2007monadic,
  title={Monadic memoization mixins},
  author={Brown, Daniel and Cook, William R},
  year={2007},
  publisher={Computer Science Department, University of Texas at Austin}
}

@inproceedings{swadi2006monadic,
  title={A monadic approach for avoiding code duplication when staging memoized functions},
  author={Swadi, Kedar and Taha, Walid and Kiselyov, Oleg and Pasalic, Emir},
  booktitle={Proceedings of the 2006 ACM SIGPLAN symposium on Partial evaluation and semantics-based program manipulation},
  pages={160--169},
  year={2006},
  organization={ACM}
}

@inproceedings{serrano2018generic,
  title={Generic programming of all kinds},
  author={Serrano, Alejandro and Miraldo, Victor Cacciari},
  booktitle={Proceedings of the 11th ACM SIGPLAN International Symposium on Haskell},
  pages={41--54},
  year={2018},
  organization={ACM}
}

@inproceedings{cook1971complexity,
  title={The complexity of theorem-proving procedures},
  author={Cook, Stephen A},
  booktitle={Proceedings of the third annual ACM symposium on Theory of computing},
  pages={151--158},
  year={1971},
  organization={ACM}
}

@phdthesis{dagand2013cosmology,
  title={A Cosmology of Datatypes},
  chapter={6},
  author={Dagand, Pierre-Evariste},
  year={2013},
  school={Citeseer}
}

@inproceedings{norell2008dependently,
  title={Dependently typed programming in Agda},
  author={Norell, Ulf},
  booktitle={International School on Advanced Functional Programming},
  pages={230--266},
  year={2008},
  organization={Springer}
}

@article{altenkirch2015indexed,
  title={Indexed containers},
  author={Altenkirch, Thorsten and Ghani, Neil and Hancock, Peter and McBride, Conor and Morris, Peter},
  journal={Journal of Functional Programming},
  volume={25},
  year={2015},
  publisher={Cambridge University Press}
}

@book{martin1984intuitionistic,
  title={Intuitionistic type theory},
  author={Martin-L{\"o}f, Per},
  volume={9},
  year={1984},
  publisher={Bibliopolis Naples}
}

@article{eisenberg2013dependently,
  title={Dependently typed programming with singletons},
  author={Eisenberg, Richard A and Weirich, Stephanie},
  journal={ACM SIGPLAN Notices},
  volume={47},
  number={12},
  pages={117--130},
  year={2013},
  publisher={ACM}
}

@misc{ghcdocsdatakinds,
  title = {GHC User's Guide - Datatype Promotion},
  howpublished = {\url{https://downloads.haskell.org/ghc/8.6.2/docs/html/users_guide/glasgow_exts.html#datatype-promotion}},
  note = {Accessed on 21-06-2019}
}

@misc{wadler2019plfa,
  title = {Programming Language Foundations in Agda, DeBruijn: Inherently typed de Bruijn representation},
  author={Wadler, Philip and Kokke, Wen},
  howpublished = {\url{https://plfa.github.io/DeBruijn/}},
  note = {Accessed: 2019-06-13}
}

@misc{ghc,
  title = {The Glasgow Haskell Compiler},
  howpublished = {\url{https://www.haskell.org/ghc/}},
  note = {Accessed: 2019-07-09}
}

@book{jones2003haskell,
  title={Haskell 98 language and libraries: the revised report},
  author={Jones, Simon Peyton},
  year={2003},
  publisher={Cambridge University Press}
}

@inproceedings{bringert2006pattern,
  title={A pattern for almost compositional functions},
  author={Bringert, Bj{\"o}rn and Ranta, Aarne},
  booktitle={ACM SIGPLAN Notices},
  volume={41},
  number={9},
  pages={216--226},
  year={2006},
  organization={ACM}
}

@inproceedings{sheard2002template,
  title={Template meta-programming for Haskell},
  author={Sheard, Tim and Jones, Simon Peyton},
  booktitle={Proceedings of the 2002 ACM SIGPLAN workshop on Haskell},
  pages={1--16},
  year={2002},
  organization={ACM}
}

@inproceedings{pfenning1988higher,
  title={Higher-order abstract syntax},
  author={Pfenning, Frank and Elliott, Conal},
  booktitle={ACM sigplan notices},
  volume={23},
  number={7},
  pages={199--208},
  year={1988},
  organization={ACM}
}

@url{plutusspec2019, 
  title={Plutus Specification (https://github.com/input-output-hk/plutus/tree/master/plutus-core-spec)}, 
  url={https://github.com/input-output-hk/plutus/tree/master/plutus-core-spec}, 
  journal={GitHub}, 
  author={Input-Output-Hk}, 
  year={2019}, 
  month={April}}

@inproceedings{de1972lambda,
  title={Lambda calculus notation with nameless dummies, a tool for automatic formula manipulation, with application to the Church-Rosser theorem},
  author={De Bruijn, Nicolaas Govert},
  booktitle={Indagationes Mathematicae (Proceedings)},
  volume={75},
  number={5},
  pages={381--392},
  year={1972},
  organization={Elsevier}
}

@article{schrijvers2008type,
  title={Type checking with open type functions},
  author={Schrijvers, Tom and Peyton Jones, Simon and Chakravarty, Manuel and Sulzmann, Martin},
  journal={ACM Sigplan Notices},
  volume={43},
  number={9},
  pages={51--62},
  year={2008},
  publisher={ACM}
}

@inproceedings{yorgey2012giving,
  title={Giving Haskell a promotion},
  author={Yorgey, Brent A and Weirich, Stephanie and Cretin, Julien and Peyton Jones, Simon and Vytiniotis, Dimitrios and Magalh{\~a}es, Jos{\'e} Pedro},
  booktitle={Proceedings of the 8th ACM SIGPLAN workshop on Types in language design and implementation},
  pages={53--66},
  year={2012},
  organization={ACM}
}

@article{miller1991uniform,
  title={Uniform proofs as a foundation for logic programming},
  author={Miller, Dale and Nadathur, Gopalan and Pfenning, Frank and Scedrov, Andre},
  journal={Annals of Pure and Applied logic},
  volume={51},
  number={1-2},
  pages={125--157},
  year={1991},
  publisher={Elsevier}
}

@url{cardano, 
  title={Cardano - Home of the Ada cryptocurrency and technological platform (https://www.cardano.org)}, 
  url={https://www.cardano.org}, 
  year={2019}, 
  month={July}}

@misc{systemfagda,
  title = {System F in Agda, for fun and profit (draft)},
  author={Chapman, James and Kireev, Roman and Wadler, Philip},
  howpublished = {\url{https://iohk.io/research/papers/?__hsfp=3940508650#MBGHUW3V}},
  note = {Accessed: 2019-07-12}
}