@article{claessen2011quickcheck,
  title={QuickCheck: a lightweight tool for random testing of Haskell programs},
  author={Claessen, Koen and Hughes, John},
  journal={Acm sigplan notices},
  volume={46},
  number={4},
  pages={53--64},
  year={2011},
  publisher={ACM}
}

@inproceedings{runciman2008smallcheck,
  title={Smallcheck and lazy smallcheck: automatic exhaustive testing for small values},
  author={Runciman, Colin and Naylor, Matthew and Lindblad, Fredrik},
  booktitle={Acm sigplan notices},
  volume={44},
  number={2},
  pages={37--48},
  year={2008},
  organization={ACM}
}

@inproceedings{denes2014quickchick,
  title={QuickChick: Property-based testing for Coq},
  author={D{\'e}n{\`e}s, Maxime and Hritcu, Catalin and Lampropoulos, Leonidas and Paraskevopoulou, Zoe and Pierce, Benjamin C},
  booktitle={The Coq Workshop},
  year={2014}
}

@article{lampropoulos2017generating,
  title={Generating good generators for inductive relations},
  author={Lampropoulos, Leonidas and Paraskevopoulou, Zoe and Pierce, Benjamin C},
  journal={Proceedings of the ACM on Programming Languages},
  volume={2},
  number={POPL},
  pages={45},
  year={2017},
  publisher={ACM}
}

@article{duregaard2013feat,
  title={Feat: functional enumeration of algebraic types},
  author={Dureg{\aa}rd, Jonas and Jansson, Patrik and Wang, Meng},
  journal={ACM SIGPLAN Notices},
  volume={47},
  number={12},
  pages={61--72},
  year={2013},
  publisher={ACM}
}

@inproceedings{claessen2010quickspec,
  title={QuickSpec: Guessing formal specifications using testing},
  author={Claessen, Koen and Smallbone, Nicholas and Hughes, John},
  booktitle={International Conference on Tests and Proofs},
  pages={6--21},
  year={2010},
  organization={Springer}
}

@inproceedings{yorgey2010species,
  title={Species and functors and types, oh my!},
  author={Yorgey, Brent A},
  booktitle={ACM Sigplan Notices},
  volume={45},
  number={11},
  pages={147--158},
  year={2010},
  organization={ACM}
}

@inproceedings{loh2011generic,
  title={Generic programming with indexed functors},
  author={L{\"o}h, Andres and Magalhaes, Jos{\'e} Pedro},
  booktitle={Proceedings of the seventh ACM SIGPLAN workshop on Generic programming},
  pages={1--12},
  year={2011},
  organization={ACM}
}

@incollection{altenkirch2003generic,
  title={Generic programming within dependently typed programming},
  author={Altenkirch, Thorsten and McBride, Conor},
  booktitle={Generic Programming},
  pages={1--20},
  year={2003},
  publisher={Springer}
}

@inproceedings{yakushev2009generic,
  title={Generic programming with fixed points for mutually recursive datatypes},
  author={Yakushev, Alexey Rodriguez and Holdermans, Stefan and L{\"o}h, Andres and Jeuring, Johan},
  booktitle={ACM Sigplan Notices},
  volume={44},
  number={9},
  pages={233--244},
  year={2009},
  organization={ACM}
}

@article{claessen2015generating,
  title={Generating constrained random data with uniform distribution},
  author={Claessen, Koen and Dureg{\aa}rd, Jonas and Pa{\l}ka, Micha{\l} H},
  journal={Journal of functional programming},
  volume={25},
  year={2015},
  publisher={Cambridge University Press}
}

@techreport{zahnentferner2018chimeric,
  title={Chimeric ledgers: Translating and unifying utxo-based and account-based cryptocurrencies},
  author={Zahnentferner, Joachim and HK, Input Output},
  year={2018},
  institution={Cryptology ePrint Archive, Report 2018/262, 2018. https://epri nt. iacr. org~â€¦}
}

@article{zahnentferner2018abstract,
  title={An Abstract Model of UTxO-based Cryptocurrencies with Scripts.},
  author={Zahnentferner, Joachim},
  journal={IACR Cryptology ePrint Archive},
  volume={2018},
  pages={469},
  year={2018}
}

@inproceedings{norell2008dependently,
  title={Dependently typed programming in Agda},
  author={Norell, Ulf},
  booktitle={International School on Advanced Functional Programming},
  pages={230--266},
  year={2008},
  organization={Springer}
}